@inproceedings{test,
    author = {John Doe},
    title = {Testing in a Land of Tests},
    booktitle = {Tests},
}
